\usepackage[utf8]{inputenc}
@InBook{DragonBook,
	author = {Alfred V AHO and Monica S. LAM and Ravi SETHI and Jeffrey ULLMAN},
	title = {Compilers: Principles, Techniques, and Tools},
	publisher = {Addison Wesley},
	address = {Boston},
	year = {2006},
	ISBN = {978-0321486813},
}

@InBook{DragonBookSyn,
	author = {Alfred V AHO and Monica S. LAM and Ravi SETHI and Jeffrey ULLMAN},
	title = {Compilers: Principles, Techniques, and Tools},
	chapter = {Syntax Analysis},
	pages = {191},
	publisher = {Addison Wesley},
	address = {Boston},
	year = {2006},
	ISBN = {978-0321486813},
}

@InBook{DragonBookSem,
	author = {Alfred V AHO and Monica S. LAM and Ravi SETHI and Jeffrey ULLMAN},
	title = {Compilers: Principles, Techniques, and Tools},
	chapter = {A simple Syntax-Directed translation},
	pages = {64},
	publisher = {Addison Wesley},
	address = {Boston},
	year = {2006},
	ISBN = {978-0321486813},
}